
@Manual{WorldInData,
  title = {Coronavirus Source Data
	},
  author = {{European Center for Disease Prevention and Control}},
  year = {2020},
  url = {https://ourworldindata.org/coronavirus-source-data},
}

@Manual{PopulationDensity,
  title = {List of countries and dependencies by population density},
  author = {{Wikipedia}},
  year = {2020},
  url = {https://en.wikipedia.org/wiki/List_of_countries_and_dependencies_by_population_density},
}

@Manual{MedianAge,
  title = {The World Fact Book},
  author = {{CIA}},
  year = {2020},
  url = {https://www.cia.gov/library/publications/the-world-factbook/fields/343rank.html},
}


@Manual{Aged65,
  title = {Population aged 65 or above},
  author = {{Wikipedia}},
  year = {2020},
  url = {https://en.wikipedia.org/wiki/List_of_countries_by_age_structure},
}


@Manual{Poverty,
  title = {List of countries by percentage of population living in poverty},
  author = {{Wikipedia}},
  year = {2018},
  url = {https://en.wikipedia.org/wiki/List_of_countries_by_percentage_of_population_living_in_poverty},
}

@Manual{LifeExpectancy,
  title = {Life expectancy at birth},
  author = {{The World Bank Data}},
  year = {2020},
  url = {https://data.worldbank.org/indicator/SP.DYN.LE00.IN},
}

@Manual{MissingData,
  title = {What is the difference between MAR and MCAR missing data?},
  author = {{Karen Grace-Martin}},
  year = {2011},
  url = {https://www.theanalysisfactor.com/mar-and-mcar-missing-data/},
}
